2430 4022
270 289 333 341 18
1086 288 1368 342 Prologus.

266 453 476 491 scamus
501 439 680 489 tamen
704 435 1092 489 oboedientiam
1117 435 1353 501 subdere,
1386 452 1486 487 non
1519 435 1899 487 conscientiam
1928 435 2193 487 incautius

266 526 564 590 aestimare,
611 525 733 591 quia
773 526 900 592 puto
946 524 1174 576 discerni
1220 540 1318 575 non
1367 522 1554 575 debere
1592 523 1717 589 quid
1760 522 1956 587 iubeat,
2013 523 2097 573 cui
2140 523 2194 574 in

265 613 510 667 omnibus
535 613 859 680 obsequendi
881 615 1005 664 uota
1028 629 1081 663 se
1106 611 1352 663 subdant.
1379 611 1586 663 domine
1607 613 1787 663 sancte
1808 626 1867 662 ac
1887 610 2194 663 beatissime

265 718 492 768 uereque
521 703 772 769 perpetue
803 700 1075 768 religionis
1107 702 1158 751 et
1193 700 1396 768 gratiae
1439 702 1675 768 patrone,
1720 698 2039 751 uenerabilis
2075 700 2195 751 doc-

265 790 435 841 trinae
477 790 765 857 speculum,
809 789 1149 856 perfectionis
1193 789 1516 856 exemplum:
1560 790 1761 840 sectare
1804 804 1960 854 quem
2001 788 2191 855 diligis,
2264 801 2284 830 :3

266 879 476 929 imitare
513 894 669 944 quem
707 877 956 944 sequeris,
996 878 1190 929 honore
1229 893 1515 943 successor,
1555 877 1858 928 humilitate
1899 879 2192 929 uenerator.

268 969 482 1018 utamur
518 966 685 1018 uestri
720 965 1025 1017 definitione
1063 965 1318 1017 mandati.
1363 967 1616 1033 usurpate
1654 965 1790 1031 quod
1826 967 2062 1017 uestrum
2097 968 2192 1030 est,

267 1055 356 1121 qui
403 1071 504 1121 1119,
554 1057 612 1106 ut
655 1054 818 1119 scitis,
863 1053 1147 1105 obnoxium
1184 1055 1282 1105 hac
1326 1054 1578 1106 electione
1620 1053 1934 1121 perfecistis
1979 1069 2099 1105 cum
2140 1054 2195 1104 in

266 1158 455 1194 manus
495 1145 699 1194 uestras
738 1144 919 1194 charta
948 1143 1265 1210 peruenerit,
1305 1143 1480 1194 fouete
1512 1143 1647 1208 quod
1676 1141 1903 1208 sumitiS,
1950 1144 2194 1194 excusate

265 1231 585 1299 inperitiam,
618 1234 825 1283 exorate
856 1231 1219 1282 clementiam:
1258 1231 1501 1297 ignoscat
1530 1230 1875 1297 usurpat-ioni‚
1908 1230 2195 1297 opituletur

265 1319 523 1386 peccanti,
565 1322 839 1371 succurrat
876 1319 1051 1371 errori.
1091 1319 1370 1386 indignum
1406 1318 1510 1370 fuit
1550 1320 1609 1369 ut
1647 1321 1798 1386 gesta
1833 1321 1945 1370 tam
1973 1319 2196 1386 grandia

267 1408 580 1459 auderemus
637 1407 922 1474 attingere,
992 1407 1081 1458 sed
1138 1407 1481 1474 adrogantius
1537 1407 1711 1458 fuerat
1766 1407 2019 1458 irlandata
2073 1423 2195 1458 con-

270 1498 520 1547 temnere.
560 1497 696 1546 ferat
734 1510 1005 1546 murmura
1043 1512 1133 1562 1191·
1169 1495 1486 1562 patientiam
1529 1498 1775 1562 suscepta
1814 1512 1905 1563 1191·
1947 1496 2192 1562 gratiam,

269 1600 368 1635 non
414 1584 675 1635 irascatur
715 1583 967 1634 audaciae
1008 1600 1100 1650 per
1139 1584 1335 1650 gaudia
1376 1583 1595 1635 fortiori.
1641 1584 1768 1635 deus
1816 1585 2010 1649 noster,
2062 1599 2194 1649 quae

265 1689 356 1739 per
398 1672 572 1739 ipsum
614 1672 867 1739 dignatur
908 1671 1126 1738 operari.
1172 1672 1288 1722 uult.
1330 1671 1566 1737 quolibet
1608 1672 1890 1723 nuntiante
1932 1671 2192 1738 cognosci.

269 1776 362 1811 uos
399 1760 692 1827 patrocinio
729 1760 906 1811 fouete
944 1763 1268 1826 susceptunn
1314 1776 1469 1826 quem
1511 1777 1602 1828 per
1637 1760 1755 1812 illos
1797 1761 2072 1811 thesauros
2110 1774 2194 1810 ca-

266 1848 442 1899 ritatis
485 1848 863 1915 adsumpsistis
904 1848 1253 1915 incognitum.

337 1988 365 2030 4
397 1989 635 2041 perpetuae
661 1987 706 2031 R
828 1989 854 2031 8
886 1951 1096 2042 perfectis
1119 1988 1164 2031 R
1284 1989 1309 2030 9
1344 1989 1466 2029 carta·
1487 1987 1532 2031 R
1654 1989 1706 2030 10
1729 1986 1985 2042 inperitiam
2008 1988 2194 2042 scripsi:

266 2060 505 2115 inperitam
538 2061 582 2104 R
736 2063 783 2104 11
819 2060 1021 2115 peccanti
1053 2062 1241 2117 scripsi:
1274 2063 1329 2115 cf.
1356 2062 1482 2115 HH,
1506 2063 1593 2103 496
1622 2060 1821 2115 precanti
1855 2061 1899 2104 R
2042 2062 2092 2104 17
2126 2060 2192 2101 in—

265 2134 508 2189 cognitum.
542 2133 733 2189 Explicit
766 2133 976 2188 prologus
1010 2135 1054 2178 R

2245 1248 2284 1278 lo
