2430 4022
253 262 361 315 304
983 263 1205 306 Paulini
1243 262 1451 306 Pellaei

427 409 536 462 filia
575 412 634 462 ut
674 412 795 462 ante
836 426 955 462 mea
992 427 1084 479 per
1124 426 1208 462 me
1251 411 1448 463 sociata
1487 412 1675 464 marito

428 498 681 550 excedens
722 499 894 566 patria
933 498 1203 551 communi
1242 499 1387 550 clade
1429 503 1642 552 careret.

498 585 608 637 Nec
647 588 914 654 postrema
953 589 1133 639 tamen
1173 586 1381 639 tolerat-i
1421 589 1564 640 meta
1601 586 1796 640 laboris

426 673 530 726 ista
569 673 671 725 fuit
710 674 892 741 nostri,
934 690 1092 741 quem
1133 674 1387 726 diximus:
1430 675 1548 727 ilico
1589 690 1816 742 namque

254 768 356 812 330
430 764 635 813 exactos
676 761 874 814 laribus
915 762 1099 830 patriis
1141 762 1399 829 tectisque
1440 763 1685 815 cremat-is

427 848 628 902 obsidio
669 849 877 902 hostilis
919 850 1094 901 uicina
1134 850 1335 918 excepit
1374 850 1428 902 in
1467 850 1596 902 urbe

426 936 658 1003 Uasatis,
699 937 871 1005 patria
911 938 1170 989 maiorum
1211 940 1262 989 et
1302 938 1416 1006 ipsa
1455 954 1711 1004 meorum,

427 1028 477 1078 et
516 1026 725 1094 grauior
765 1026 932 1078 multo
974 1026 1293 1078 circumfusa
1332 1026 1624 1079 hostilitate

426 1114 584 1165 factio
627 1114 832 1165 seruilis
872 1129 1159 1182 paucorum
1200 1114 1365 1166 mixta
1404 1115 1567 1167 furori

253 1207 353 1251 335
427 1201 611 1254 insano
651 1202 905 1254 iuuenum
947 1225 967 1247 ³⁶
1006 1225 1026 1248 κ
1068 1202 1192 1254 licet
1231 1202 1599 1271 ingenuorum,

427 1292 630 1341 armata
668 1290 722 1341 in
763 1290 977 1341 caedem
1018 1290 1300 1358 specialem
1341 1290 1650 1343 nobilitatis,

426 1393 586 1445 quam
626 1380 700 1443 tu⁷
742 1377 878 1429 iuste
918 1378 1063 1443 deus⁷
1105 1378 1302 1430 insonti
1343 1394 1372 1430 a
1412 1379 1668 1448 sanguine
1710 1382 1954 1432 auertens

424 1465 542 1518 ilico
583 1480 871 1533 paucorum
912 1466 1108 1518 sedasti
1149 1469 1315 1518 morte
1355 1482 1564 1518 reorum

425 1553 820 1620 instantemque
860 1553 993 1605 mihi
1034 1554 1315 1622 specialem
1354 1570 1717 1623 percussorem

252 1648 353 1692 340
429 1657 512 1693 me
552 1642 827 1710 ignora-nte
870 1642 969 1694 alio
1010 1641 1213 1694 iussisti
1254 1643 1421 1694 ultore
1461 1643 1645 1710 perire⁷

426 1732 606 1781 suetus
649 1730 841 1797 quippe
884 1729 1033 1782 nouis
1076 1729 1172 1781 tibi
1214 1747 1296 1781 me
1338 1730 1666 1799 obstringere
1707 1732 1874 1797 doniS,

424 1833 514 1885 pro
556 1818 673 1884 quis
715 1834 798 1868 me
840 1818 1028 1869 scirem
1069 1821 1243 1886 grates
1285 1818 1473 1870 debere
1513 1836 1784 1887 perennes.

426 1907 516 1957 sed
558 1906 688 1957 mihi
730 1910 839 1958 tam
881 1905 1043 1958 subiti
1083 1922 1335 1958 concusso
1378 1910 1515 1959 sorte
1555 1907 1752 1975 pericli,

423 2009 524 2061 quo
566 2010 649 2045 me
690 1994 829 2045 intra
870 1993 1052 2045 urbem
1095 1995 1307 2062 percelli
1348 2003 1499 2062 posse
1540 1995 1790 2061 uiderem,

250 2088 351 2132 345
426 2081 706 2150 subrepsit,
748 2082 930 2148 fateor,
973 2082 1198 2133 nimium
1238 2083 1439 2150 trepido
1481 2098 1650 2135 nouus
1693 2099 1848 2149 error,

422 2172 480 2221 ut
521 2186 603 2221 me
645 2170 904 2237 praesidio
946 2170 1083 2238 regis
1125 2171 1323 2222 dudum
1364 2171 1495 2222 mihi
1536 2172 1657 2237 cari,

423 2258 572 2309 cuius
616 2273 709 2310 nos
751 2259 975 2326 populus
1016 2259 1174 2326 longa
1214 2258 1483 2310 obsidione
1524 2259 1815 2326 premebat⁷

422 2345 550 2397 urbe
593 2346 655 2397 ab
699 2345 914 2398 obsessa
955 2362 1218 2414 sperarem
1260 2346 1539 2398 abscedere
1579 2363 1732 2415 posse

423 2433 632 2502 agmine
674 2449 913 2486 carorum
954 2449 1144 2502 magno
1186 2434 1471 2486 comitante
1512 2450 1767 2501 meorum,

250 2527 351 2571 350
424 2521 522 2573 hac
563 2524 741 2573 tamen
782 2522 877 2574 hos
919 2525 1123 2574 nostros
1166 2538 1256 2589 spe
1298 2522 1613 2575 sollicitante
1653 2526 1884 2590 paratUS,

423 2610 560 2676 quod
602 2610 790 2661 scirem
831 2610 1048 2678 imperio
1088 2610 1262 2678 gentis
1304 2613 1521 2678 cogente
1562 2609 1856 2663 Gothorum

422 2698 652 2749 inuitum
693 2714 870 2766 regem
911 2698 1117 2766 populis
1159 2698 1463 2749 incumbere
1505 2699 1713 2750 nostris.

423 2813 526 2869 3⁶28]
560 2813 726 2857 Auson.
761 2813 867 2856 Lab.
901 2813 1031 2856 Herc.
1068 2816 1119 2858 12
1154 2813 1369 2857 Cerberus
1404 2814 1586 2856 extremi
1620 2828 1825 2870 suprema
1862 2817 1928 2857 est
1959 2818 2079 2858 meta
2109 2814 2172 2857 la-

246 2885 380 2928 boris.
464 2886 568 2941 332]
593 2885 759 2929 Auson.
783 2885 963 2941 Epieed.
987 2887 1014 2930 4
1038 2886 1224 2929 Uasates
1245 2887 1404 2942 patria,
1431 2886 1486 2930 cf.
1510 2886 1647 2942 praef.
1667 2887 1728 2939 ΙΙ,
1748 2890 1785 2932 5.
1869 2887 1972 2943 343]
1996 2887 2170 2930 Pa-ulin.

247 2958 348 3001 Nol.
383 2958 527 3011 XXII,
565 2962 646 3004 105
681 2961 796 3002 sorte
830 2959 996 3014 pericli.
1149 2960 1253 3015 347]
1296 2959 1428 3015 Uerg.
1471 2959 1579 3003 Aen.
1622 2960 1748 3013 VIII,
1791 2962 1874 3005 647
1915 2961 2172 3016 ingentique

249 3031 405 3075 urbem
438 3031 667 3075 obsidione
701 3032 944 3088 premebat.
1995 3037 1998 3040 ’

321 3150 405 3193 329
445 3151 550 3204 fort.
593 3163 727 3204 quam
769 3151 824 3204 cf.
867 3154 1017 3193 tamen
1055 3154 1143 3193 292
1291 3152 1374 3194 330
1423 3152 1573 3193 exacto
1615 3151 1707 3195 BP
1796 3152 1968 3194 exactos
2008 3151 2172 3207 scripsi

247 3221 476 3264 la‡*1·ibus
509 3222 581 3277 (bo
615 3222 745 3277 eras.)
779 3224 823 3266 Β
970 3224 1055 3267 334
1089 3223 1189 3265 nixa
1221 3222 1369 3265 furore
1402 3225 1550 3268 Barth
1698 3226 1781 3269 335
1815 3226 1923 3267 natu
1956 3225 2172 3268 caecidisse

248 3296 363 3339 com'.
389 3296 562 3351 Haase,
585 3297 744 3339 malim
777 3309 968 3350 nequam
1000 3297 1056 3351 cf.
1084 3297 1256 3353 prolegy.
1286 3312 1333 3352 2).
1367 3300 1454 3341 278
1544 3298 1627 3340 337
1660 3296 1855 3340 insontia
1886 3298 1949 3340 ΒῙ
1983 3297 2168 3341 castium.

248 3383 302 3411 m.
337 3372 366 3411 2
456 3371 634 3411 uertens
668 3370 816 3412 Barth
923 3370 1007 3413 338
1041 3371 1210 3411 morter
1242 3382 1394 3411 eorum
1426 3371 1471 3412 B
1504 3384 1615 3414 corr.
1651 3385 1706 3414 m.
1738 3373 1768 3413 2
1858 3371 1941 3413 342
1975 3370 2096 3425 queis
2130 3371 2174 3413 P

248 3443 329 3484 344
356 3441 573 3484 mihintra
606 3442 666 3484 El
701 3457 812 3486 corr.
839 3456 893 3485 m.
927 3445 956 3484 2
1067 3444 1151 3486 346
1184 3444 1235 3484 ut
1274 3443 1424 3486 Bao-th
1516 3442 1688 3485 consilii
1721 3444 1771 3485 ut
1803 3443 1896 3485 BP
1989 3442 2169 3485 consilio

248 3516 297 3556 ut
330 3515 570 3571 Leae'pziyer
643 3514 824 3557 consilio
859 3515 950 3559 lect.
976 3516 1169 3571 mamm.
1198 3530 1286 3571 pro
1318 3515 1539 3570 praesidiO
1576 3521 1713 3571 putat
1747 3517 1952 3572 Schenkl,
1985 3518 2041 3571 cf.
2060 3530 2168 3571 pro-

249 3587 326 3643 ley.
363 3602 411 3643 p.
445 3591 533 3632 278
