2430 4022
209 285 313 337 348

210 449 366 500 quem
420 432 873 500 interpretamlum
928 431 1029 483 sibi
1082 432 1379 499 proposuit,
1443 431 1679 498 sequitur
1732 433 1982 500 uestigia,
2044 433 2134 484 sed

210 520 530 588 exspatiatur
558 516 957 586 nonnumquam
986 519 1446 586 narrationemque
1486 518 1812 587 longioribus
1854 520 2133 588 digressio-

208 608 363 660 nibus
406 608 685 676 distinguit
726 611 881 674 atque
924 610 1150 659 exornat.
1176 607 1210 675 ¹)
1270 622 1401 673 quae
1443 623 1562 658 cum
1603 607 1678 658 ita
1718 607 1839 673 sint,
1894 608 2031 675 quod
2071 608 2134 659 de

209 713 267 749 eo
298 697 421 749 fecit
449 695 753 749 Gennadius
781 695 1034 747 iudicium
1062 695 1289 762 quodam
1317 695 1470 746 modo
1513 695 1814 763 explicatur.
1866 698 1935 762 at,
1977 695 2134 761 diceS,

209 801 312 837 non
355 785 417 836 ad
458 783 661 836 obitum
697 783 944 835 Abrahae
985 783 1297 851 perductum
1338 786 1418 834 est
1457 798 1685 849 carmen,
1740 799 1859 834 cum
1899 783 1954 835 in
1999 782 2132 835 libro

209 872 362 925 tert-io
416 872 603 925 ultimo
658 871 912 924 Sodomae
967 871 1226 922 excidium
1282 870 1624 922 describatur.
1684 886 1842 937 quam
1895 870 1957 923 ob
2020 887 2133 923 rem

208 961 431 1013 fortasse
471 959 725 1028 Ebertii'2)
761 959 1032 1027 probanda
1074 975 1188 1010 esse
1230 959 1471 1010 uideatur
1512 958 1775 1010 sententia
1817 959 2134 1027 suspicantis

207 1049 404 1101 librum
458 1051 722 1115 quartum,
777 1063 877 1114 quo
925 1063 1007 1099 res
1056 1063 1222 1113 usque
1271 1047 1334 1098 ad
1382 1045 1630 1098 Abrahae
1679 1049 1904 1098 mortem
1955 1049 2135 1115 gestae

210 1136 578 1202 narrabantur,
621 1135 965 1187 intercidisse.
1030 1136 1120 1187 sed
1160 1135 1284 1186 huic
1326 1135 1633 1186 aduersatur
1673 1133 1794 1186 libri
1842 1135 1984 1186 tertii
2012 1134 2134 1186 sub-

209 1224 420 1292 scriptio
464 1239 621 1292 supra
661 1226 1087 1289 commemorata,
1137 1223 1239 1274 nisi
1279 1222 1412 1274 forte
1453 1224 1608 1290 putas
1649 1222 1703 1274 in
1745 1238 1804 1274 ea
1843 1222 1973 1274 illud
2008 1222 2131 1275 ΠΠ.

209 1329 267 1364 ex
307 1311 648 1380 inscriptione
695 1311 834 1377 libri,
883 1311 971 1378 qui
1014 1310 1346 1378 sequebatur,
1396 1313 1582 1362 natum
1623 1326 1751 1362 esse.
1833 1325 1965 1376 quae
2013 1326 2134 1362 con-

207 1402 406 1453 iectura
456 1400 586 1451 mihi
642 1400 861 1451 minime
913 1399 1179 1467 probatur.
1249 1399 1427 1466 itaque
1477 1401 1707 1450 statuere
1760 1398 1944 1449 malim
1996 1397 2134 1451 Gen-

211 1489 426 1540 nadium
454 1504 565 1540 rem
595 1488 648 1539 in
690 1488 997 1539 uniuersum
1039 1490 1248 1539 tantum
1291 1486 1673 1555 significauisse
1703 1489 1771 1552 et,
1813 1502 2134 1554 quamquam

210 1577 404 1628 rectius
462 1576 631 1628 dicere
685 1576 866 1628 debuit
914 1577 1097 1642 ‘usque
1152 1576 1215 1626 ad
1266 1591 1349 1626 res
1402 1578 1522 1643 post
1569 1574 1822 1627 Sodomae
1876 1574 2134 1626 excidium

207 1666 419 1733 gestas',
475 1667 670 1730 tamen,
725 1667 783 1716 ut
840 1663 1087 1715 breuitati
1141 1664 1452 1729 consuleret,
1508 1679 1627 1714 cum
1679 1663 1834 1730 longe
1882 1662 2134 1714 maiorem

208 1753 349 1804 uitae
398 1752 646 1804 Abrahae
702 1755 905 1821 partem
960 1754 1257 1804 enarratam
1306 1768 1419 1803 esse
1472 1751 1710 1817 uidisset,
1758 1767 1870 1802 111111
1922 1750 1997 1802 ita
2048 1750 2135 1801 de-

208 1841 356 1892 finire
421 1841 688 1906 maluisse,
750 1844 808 1893 ut
870 1840 1122 1892 scriberet
1179 1842 1361 1907 ‘usque
1425 1840 1488 1891 ad
1546 1839 1749 1891 obitum
1805 1838 2135 1906 patriarchae

207 1928 488 1981 Abrahae'.
558 1930 694 1995 quod
743 1931 801 1981 ut
841 1945 1050 1980 mecum
1089 1928 1295 1997 probeS,
1339 1927 1642 1979 memineris
1684 1942 1895 1994 quaeso,
1938 1929 2136 1994 quanta

210 2018 367 2069 fuerit
407 2017 619 2069 omnino
660 2017 714 2068 in
756 2016 1027 2070 Gennadio
1071 2016 1305 2069 socordia
1346 2032 1404 2068 ac
1450 2015 1799 2084 neglegentia.
1860 2018 2026 2067 restat
2078 2017 2137 2067 ut

210 2105 444 2157 dicamus
488 2106 548 2156 de
590 2105 766 2157 uerbis
797 2106 878 2157 ‘ad
907 2105 1000 2156 filii
1030 2105 1110 2157 sui
1137 2104 1376 2157 Aetherii
1405 2119 1684 2172 personam
1713 2104 2134 2155 commentatus'.

209 2210 340 2260 quae
382 2194 513 2244 mihi
553 2193 627 2245 ita
668 2194 974 2262 explicanda
1011 2210 1122 2245 esse
1153 2193 1414 2258 uidentur,
1457 2195 1514 2244 ut
1544 2194 1840 2244 statuamus
1869 2191 2138 2244 Uictorem

209 2282 430 2333 carmini
481 2298 572 2333 suo
619 2282 1093 2350 praefatiunculam
1142 2297 1298 2349 prosa
1346 2280 1577 2333 oratione
1620 2280 1987 2348 conscriptam,
2036 2295 2139 2346 qua

208 2369 521 2421 Aetherium
571 2371 843 2422 adlocutus
893 2372 988 2435 est,
1039 2369 1359 2437 praefixisse,
1410 2368 1560 2420 nobis
1602 2371 1901 2435 temporum
1948 2367 2139 2418 iniuria

211 2457 519 2525 ereptam.·‘³)
587 2458 661 2509 sic
702 2459 948 2526 prologus
989 2457 1076 2508 ille
1118 2457 1257 2508 uitae
1300 2456 1346 2509 S.
1379 2456 1599 2508 Martini
1641 2472 1669 2507 a
1707 2456 1928 2507 Paulino
1968 2455 2138 2506 Petri-

210 2546 413 2597 cordiae
443 2546 768 2614 conscriptae
800 2561 902 2598 uno
933 2546 1040 2597 solo
1069 2545 1201 2597 libro
1231 2544 1322 2613 (R)
1365 2544 1514 2596 nobis
1558 2546 1797 2595 seruatus
1839 2546 1934 2609 est,
1976 2543 2137 2594 inter-

212 2634 338 2685 cidit
378 2634 430 2685 in
472 2634 673 2686 ceteris.

286 2722 363 2772 De
393 2725 642 2790 tempore,
673 2737 773 2788 quo
804 2722 982 2774 Uictor
1011 2722 1157 2786 uixit,
1188 2721 1319 2772 nihil
1350 2721 1486 2772 aliud
1518 2720 1678 2770 refert
1702 2718 2003 2771 Gennadius
2033 2718 2136 2769 nisi

214 2813 481 2861 mortuum
512 2827 629 2861 eum
660 2827 772 2862 esse
804 2810 1094 2861 Theodosio
1125 2812 1175 2860 et
1204 2808 1577 2861 Ualentini-ano
1614 2806 1974 2875 regnantibus.
2031 2806 2136 2857 iam

212 2914 332 2949 cum
360 2897 766 2950 Ualentinianus
796 2898 876 2949 ΙΠ
916 2898 1200 2965 imperator
1240 2896 1573 2948 renuntiatus
1617 2895 1685 2947 sit
1721 2911 1763 2946 a.
1798 2894 2135 2959 CCCCXXV,

213 2986 536 3038 Theodosius
580 2986 632 3037 H
682 2985 870 3037 obierit
912 3001 953 3036 a.
988 2984 1219 3050 COCCL,
1261 2987 1407 3052 patet·
1449 2999 1611 3035 annos
1653 2983 1735 3034 his
1777 2982 2016 3034 terminis
2058 2982 2136 3033 in-

211 3075 382 3126 clusos
414 3074 693 3141 ‹lesignari
727 3090 893 3140 neque
923 3073 1109 3137 ullum,
1147 3088 1246 3139 quo
1276 3075 1484 3140 tempus
1515 3071 1809 3123 accuratius
1840 3069 2134 3135 definiatur,

289 3323 318 3376 ¹)
354 3320 420 3364 Cf.
454 3320 505 3363 A.
531 3320 680 3371 Ebert,
705 3320 821 3375 Allg.
849 3320 1005 3363 (resch.
1033 3319 1110 3361 der
1142 3319 1226 3362 Lit.
1255 3319 1329 3361 des
1362 3318 1647 3361 Mittelalters
1681 3317 1716 3369 Ι,
1741 3319 1823 3361 :1354
1848 3330 1909 3372 sq.

286 3394 316 3449 2)
352 3393 417 3436 Cf.
442 3408 481 3448 p.
508 3396 585 3437 :351
626 3393 725 3436 adn.

285 3467 317 3522 3)
353 3466 464 3510 Cum
510 3467 610 3509 talis
658 3466 1015 3522 praefatiuncula
1063 3466 1169 3508 olim
1218 3466 1415 3508 extitisse
1465 3464 1670 3507 uideatur
1717 3466 1760 3507 et
1807 3464 1853 3506 111
1895 3463 2134 3506 Parisiensi

211 3541 435 3596 prooemio
469 3541 734 3596 inscriptum
771 3541 829 3583 sit
862 3542 1035 3597 Incipit
1060 3541 1296 3596 praefatio
1334 3541 1406 3584 uel
1431 3540 1636 3596 precatio
1670 3539 1732 3582 ad
1765 3539 2011 3594 dominnm,
2053 3537 2135 3580 hoc

210 3614 357 3669 potius
392 3628 524 3669 quam
559 3614 670 3657 illud
705 3614 893 3657 uerbum
928 3613 1066 3657 malui
1097 3613 1352 3670 praefigere.
