2430 4022
2042 315 2142 366 287

243 464 399 528 enim,
447 466 506 514 ut
552 463 656 513 iam
698 478 851 530 supra
899 462 1261 526 indica-nimus,
1304 462 1622 528 singularem
1663 463 1747 513 uel
1788 463 1861 513 eis
1903 463 2149 529 tempori-

242 550 340 600 bus
393 550 675 614 licentiam,
736 565 837 615 qua
888 549 1138 600 Paulinus
1192 549 1242 599 in
1297 548 1681 599 conformandis
1733 548 1971 600 uersibus
2024 565 2148 600 usus

245 640 338 702 est,
381 653 482 688 non
520 637 786 687 ferendam
830 652 942 687 esse
982 639 1126 687 ratus
1168 651 1349 686 uersus
1391 651 1420 686 a
1460 636 1677 687 metrica
1716 637 1914 688 ratione
1955 637 2150 687 claudi-

244 727 420 775 cantes
467 724 740 790 plerosque
782 724 844 774 ad
892 723 1204 774 seueriorem
1253 738 1490 774 normam
1537 723 1772 788 correxit,
1820 723 2151 775 lilnariorum

245 811 604 879 neglegentiae
640 809 892 875 tribuens,
931 825 1060 876 quae
1090 812 1267 861 auctor
1302 810 1605 875 deliquerat.
1674 811 1808 876 quod
1843 810 2001 877 probe
2037 827 2151 877 per-

245 898 412 965 spexit
450 897 771 948 Daumius:
823 913 943 948 nam
992 898 1044 948 in
1085 897 1442 948 corollariis
1485 897 1752 948 editioni
1794 897 2150 949 subiunctis

246 985 373 1036 uitia
396 1000 424 1035 a
445 984 658 1036 Barthio
681 984 937 1051 castigata
965 984 1073 1051 ipse
1102 987 1372 1050 tamquam
1402 1000 1461 1034 ex
1488 984 1699 1035 licentia
1726 987 1908 1052 poetae
1936 985 2153 1036 oriunda

244 1072 451 1139 collegit
491 1074 557 1136 et,
599 1086 701 1137 qua
741 1074 848 1122 erat
891 1071 1193 1136 eruditione,
1243 1071 1462 1122 aliorum
1503 1072 1612 1122 eius
1655 1072 1840 1123 aetatis
1880 1075 2153 1139 poetarum

245 1159 493 1226 exemplis
535 1158 802 1225 aptissime
844 1161 1227 1210 con'imentatus
1269 1161 1361 1210 est.

317 1246 550 1297 Tertium
589 1245 797 1297 libellus
834 1246 1118 1313 impressus
1161 1249 1239 1297 est
1278 1246 1331 1297 in
1373 1246 1750 1298 collectione
1786 1247 2152 1298 Pisaurensi

244 1334 344 1384 uol.
387 1333 474 1384 VI.
518 1332 744 1400 (Pisauri
787 1331 964 1400 1766),
1014 1333 1275 1399 ceteroqui
1316 1334 1377 1383 ad
1418 1333 1733 1401 Bignianam
1779 1334 2152 1399 recensionem,

245 1421 345 1472 nisi
393 1421 528 1487 quod
568 1420 824 1472 erroribus
866 1421 1174 1488 typographi
1214 1420 1573 1471 incredibilem
1614 1421 1667 1472 in
1707 1422 1920 1472 modum
1967 1421 2152 1473 distin-

245 1511 359 1559 ctus
386 1523 488 1559 uno
516 1509 626 1559 1000
656 1507 725 1575 (11.
751 1506 879 1576 270)
908 1523 1047 1573 casii,
1078 1511 1135 1559 ut
1162 1508 1383 1573 uidetur,
1415 1508 1776 1560 emendatione
1806 1509 2027 1560 donatus
2057 1513 2149 1561 est.

318 1594 568 1659 Quartam
617 1595 896 1646 editionem
945 1599 1121 1647 nostra
1169 1596 1380 1646 demum
1428 1596 1679 1647 memoria
1719 1596 1919 1647 curauit
1961 1596 2153 1648 Ludo-

246 1682 419 1733 uicus
444 1682 660 1749 Leipzi
671 1698 775 1750 ger
801 1680 1057 1750 (Paulini
1084 1700 1298 1732 carmen
1327 1682 1746 1732 eucharisticam
1763 1682 2155 1753 prolcyomenis

247 1776 294 1819 ct
342 1768 787 1819 adnotationibus
837 1768 1198 1819 illustratum.
1265 1769 1476 1820 dissert.
1530 1769 1754 1820 Vo‘atisl.
1804 1770 1993 1840 1858).
2070 1772 2157 1838 qui

247 1872 567 1923 quamquam
609 1857 735 1908 alios
776 1858 913 1908 locos
963 1857 1149 1908 melius
1191 1858 1460 1909 constituit
1502 1858 1629 1925 ipse,
1681 1859 1808 1910 alios
1850 1858 2156 1910 Friderici

246 1944 470 1995 Haasii
522 1943 997 2010 emendationibus,
1058 1960 1186 2010 quas
1241 1945 1327 1996 ille
1382 1961 1500 1996 cum
1554 1946 1807 2013 discipulo
1867 1947 2156 1998 communi-

247 2035 471 2097 cauerat,
514 2032 717 2099 egregie
758 2032 972 2097 adiuuit,
1022 2033 1189 2083 multa
1228 2035 1404 2084 tamen
1446 2033 1825 2084 sententiarum
1866 2034 2156 2085 distinctio-

249 2118 401 2170 nibus
450 2120 584 2170 male
633 2120 872 2171 curandis
921 2120 1196 2188 indigesta,
1245 2121 1347 2171 alia
1393 2121 1779 2189 typographicis
1829 2121 2031 2172 mendis
2079 2122 2157 2173 in-

248 2206 463 2272 quinata
488 2207 698 2273 reliquit
728 2207 908 2274 (praef.
940 2207 972 2258 2
986 2207 1293 2276 proposita.
1317 2208 1476 2275 praef.
1510 2207 1541 2258 3
1571 2207 1705 2276 ipso.
1731 2206 1836 2259 232
1866 2208 2156 2258 tracennia.

248 2291 352 2343 246
385 2293 577 2362 prima
619 2310 717 2346 0111.
763 2293 869 2345 344
907 2312 1074 2362 quom.
1116 2293 1221 2345 539
1262 2294 1374 2363 acl).
1443 2311 1608 2361 neque
1644 2296 1850 2347 Barthii
1892 2311 2157 2347 commen-

249 2380 410 2445 tariis,
465 2384 720 2447 quantum
769 2381 1056 2448 oportebat,
1106 2398 1231 2433 usus
1282 2385 1358 2433 est
1409 2385 1459 2433 01
1510 2383 1820 2434 uarietatem
1872 2384 2156 2435 lectionum

250 2468 611 2535 neglegentius
652 2469 918 2534 indicauit,
968 2485 1124 2535 quam
1165 2472 1220 2520 ut
1263 2469 1496 2537 dignosci
1538 2469 1720 2537 possit,
1763 2486 1893 2536 quae
1943 2471 2157 2522 editioni

250 2555 485 2621 principi,
528 2570 657 2621 quae
701 2556 815 2622 ipsi,
857 2572 986 2621 quae
1030 2556 1144 2607 aliis
1186 2555 1486 2608 debeantur.
1568 2560 1746 2608 contra
1792 2557 1924 2608 bene
1966 2558 2155 2609 meruit

251 2642 339 2706 eis,
391 2658 521 2708 quae
573 2643 633 2693 de
675 2643 785 2694 uita
830 2643 1037 2694 Paulini
1085 2644 1350 2710 praefatus
1400 2646 1494 2709 est,
1543 2644 1596 2695 in
1637 2644 1824 2710 quibus
1874 2645 1996 2696 licet
2046 2645 2154 2712 ipse

250 2728 496 2780 dubitans
538 2732 735 2780 rectam
775 2733 951 2781 tamen
988 2730 1128 2780 uiam
1165 2730 1431 2795 indicauit,
1475 2746 1576 2796 qua
1612 2732 1752 2799 origo
1788 2735 1970 2798 poetae
2012 2732 2157 2782 inue-

252 2815 433 2883 stigari
468 2816 651 2882 potuit.
707 2817 991 2883 plurimum
1029 2832 1149 2868 uero
1186 2817 1494 2885 indagandis
1522 2817 1759 2883 Ausonii,
1790 2818 2025 2886 Uergilii,
2065 2819 2157 2869 ali-

252 2918 399 2953 orum
439 2903 564 2953 loeis
607 2918 635 2953 a
673 2903 892 2955 Paulino
935 2904 1188 2970 expressis
1231 2905 1293 2954 ad
1334 2905 1578 2955 carminis
1621 2905 1849 2956 indolem
1892 2906 2157 2956 illustran-

252 2989 371 3040 dam
412 2990 646 3041 contulit.

323 3076 439 3143 Ipse
482 3076 669 3143 quibus
710 3078 814 3128 t'ere
856 3077 1058 3145 legibus
1096 3078 1147 3129 in
1188 3079 1501 3130 recensendo
1541 3079 1881 3131 eucharistico
1919 3083 2156 3131 uersatus

254 3179 438 3228 essem,
490 3180 606 3214 cum
656 3164 758 3214 iam
803 3180 957 3231 supra
1006 3165 1089 3215 1110
1137 3166 1242 3215 11110
1292 3165 1711 3233 signifieauerim,
1760 3170 1941 3231 restat,
1994 3170 2047 3217 ut
2097 3168 2157 3217 de

254 3254 589 3317 apparatus
640 3251 849 3302 critici
903 3251 1101 3302 ratione
1151 3267 1314 3318 pauca
1367 3268 1747 3319 praemoneam.
1829 3254 1945 3303 dedi
2001 3254 2157 3321 igitur

253 3336 513 3404 integrum
549 3338 795 3403 quidquid
839 3338 891 3388 in
932 3339 1103 3389 codice
1141 3339 1393 3389 Bernensi
1434 3343 1611 3406 utpote
1649 3340 1798 3390 1111100
1841 3355 1869 3390 a
1904 3340 2156 3407 scriptura

254 3427 460 3490 recepta
507 3425 780 3491 discrepat,
836 3442 897 3475 ne
948 3425 1072 3492 ipsis
1121 3426 1330 3491 quidem
1378 3428 1858 3478 recentissimarum
1906 3444 2157 3479 manuum

255 3511 599 3561 eonieetam=is
636 3512 1011 3578 marginalibus
1055 3513 1295 3579 exceptis.
1366 3529 1423 3563 ex
1460 3514 1681 3565 editione
1722 3515 1956 3566 l'arisina
1995 3516 2155 3566 adieci

254 3597 515 3648 uariantes
557 3599 803 3649 lectiones
846 3615 1025 3649 omnes
1066 3603 1268 3666 praeter
1317 3600 1717 3667 orthographiea'i
1758 3602 1953 3652 minora
2004 3606 2156 3667 atque

2208 1245 2272 1277 Ed.

2173 1289 2308 1321 Pisaur.
