2430 4022
241 274 348 328 300
969 278 1188 320 Paulini
1227 279 1438 321 Pellaei

416 424 459 476 si
501 439 602 491 qua
641 428 821 477 tamen
861 425 1080 478 minimo
1120 427 1287 494 pretio
1329 443 1659 495 expensaque
1696 430 1868 497 parari

416 515 467 564 et
508 513 652 565 saluo
695 513 865 565 famae
905 517 1122 581 possent
1162 518 1401 566 eonstare
1442 516 1641 582 deeore,

415 616 479 651 ne
520 603 645 652 nota
683 601 917 653 luxuriae
960 602 1193 653 studium
1233 603 1525 655 macularet
1564 603 1861 656 honestum.

241 695 343 738 220
418 703 550 754 quae
591 688 722 739 mihi
763 692 951 741 euneta
991 692 1168 741 tamen
1209 694 1360 758 grata
1401 694 1717 759 aeeeptaque
1757 692 1953 745 fruenti

414 791 533 827 eara
573 776 742 844 magis
782 777 950 844 pietas
993 777 1276 843 superabat
1315 794 1509 847 magna
1548 782 1844 847 parentum,

412 863 747 933 obstringens
791 865 890 916 sibi
932 881 1015 916 me
1056 882 1190 917 nexu
1231 867 1550 918 dominantis
1593 868 1802 934 amoris⁷

411 952 606 1004 maiore
647 956 705 1004 ut
744 956 892 1020 parte
935 954 1057 1004 anni
1097 954 1226 1021 ipsis
1266 955 1565 1022 praesentia
1603 958 1783 1007 nostra

412 1040 648 1106 seruiret,
691 1040 905 1108 paribus
946 1042 1235 1109 perdurans
1278 1057 1506 1094 eonsona
1544 1043 1682 1095 uotis

239 1136 339 1179 225
414 1144 854 1195 communemque
894 1144 1085 1197 parans
1126 1146 1217 1198 per
1258 1134 1444 1182 mutua
1483 1131 1675 1199 gaudia
1714 1131 1960 1184 fructum.

485 1217 644 1270 Cuius
686 1217 827 1269 uitae
868 1218 1073 1269 utinam
1115 1218 1264 1270 nobis
1306 1219 1550 1287 prolixior
1590 1236 1717 1271 usus

410 1320 689 1357 concessus
729 1306 873 1374 largo
915 1306 1201 1357 mansisset
1241 1323 1457 1358 munere
1500 1307 1713 1374 Christi,

406 1393 722 1461 persistente
765 1394 921 1445 simul
962 1395 1163 1461 priseae
1206 1410 1410 1461 quoque
1451 1399 1685 1463 tempore
1725 1396 1892 1463 paeis!

406 1482 733 1534 multimodis
776 1482 977 1548 quisset
1017 1485 1228 1534 nostrae
1268 1484 1515 1550 prodesse
1556 1484 1803 1535 iuuentae

235 1576 336 1619 :230
406 1570 631 1621 eonsulti
671 1570 836 1637 patris
879 1570 1098 1621 adsidua
1139 1571 1364 1622 eonlatio
1406 1571 1553 1622 uerbi

408 1658 763 1725 exemplisque
803 1657 955 1709 bonis
998 1659 1293 1710 studiorum
1334 1659 1610 1712 instructio
1653 1675 1907 1712 Crescens,

408 1746 497 1797 sed
538 1748 806 1797 transaeta
847 1746 962 1797 aeui
1001 1750 1122 1813 post
1162 1746 1300 1798 trina
1341 1747 1593 1799 ‹leoennia
1632 1748 1797 1800 nostri

407 1833 663 1885 sueeessit
704 1834 925 1901 duplieis
970 1850 1070 1886 non
1112 1835 1234 1885 felix
1276 1850 1400 1886 eura
1439 1835 1651 1902 laboris,

405 1921 618 1989 publiea
658 1922 847 1989 quippe
890 1922 1047 1974 simul
1090 1923 1234 1973 elade
1275 1923 1327 1974 in
1370 1939 1646 1975 eommune
1688 1924 1910 1976 dolenda

233 2016 333 2059 235
408 2008 649 2061 hostibus
692 2010 881 2061 infusis
922 2011 1146 2062 Romani
1187 2011 1239 2062 in
1282 2011 1485 2063 uiseera
1523 2012 1671 2080 regni,

404 2098 612 2165 priuata
652 2113 771 2148 eum
815 2101 951 2149 sorte
991 2099 1156 2166 patris
1198 2100 1260 2149 de
1301 2099 1483 2150 funere
1524 2099 1717 2151 functi:

404 2185 592 2237 ultima
632 2201 859 2252 namque
901 2186 1011 2237 eius
1052 2186 1231 2238 finitae
1272 2190 1510 2255 tempora
1548 2188 1689 2239 uitae

404 2273 729 2341 temporibus
770 2278 953 2342 ruptae
993 2275 1136 2342 paeis
1177 2291 1336 2342 prope
1376 2276 1555 2327 innota
1595 2276 1752 2327 fuere.

404 2364 456 2413 at
498 2361 627 2413 mihi
670 2363 862 2414 damna
902 2363 1087 2414 domus
1127 2364 1467 2431 populantem
1508 2364 1673 2416 inlata
1709 2381 1801 2431 per
1841 2365 2066 2430 hostem,

230 2457 332 2500 240
403 2467 495 2517 per
538 2466 590 2501 se
632 2466 825 2519 magna
864 2451 1003 2516 lieet,
1045 2452 1212 2503 multo
1252 2452 1451 2504 leuiora
1491 2452 1634 2503 fuere

402 2538 634 2590 defuncti
674 2539 838 2606 patris
880 2539 1142 2591 inmodioo
1183 2540 1393 2591 eonlata
1432 2540 1612 2605 dolori,

399 2642 490 2693 per
533 2642 689 2693 quem
731 2642 851 2678 eara
892 2627 1024 2678 mihi
1065 2630 1116 2679 et
1154 2628 1327 2694 patria
1367 2631 1418 2679 et
1459 2629 1644 2679 domus
1685 2628 1800 2696 ipsa
1838 2628 2020 2681 fiebat:

404 2717 617 2781 tamque
660 2715 857 2766 etenim
897 2715 998 2766 fido
1041 2716 1307 2767 tradentes
1351 2719 1535 2767 mutua
1575 2716 1725 2768 nobis

404 2801 576 2853 osfioia
618 2802 809 2854 affeetu
851 2806 1089 2855 conserto
1131 2804 1360 2854 uiximus
1403 2819 1548 2870 aeuo,

403 2932 507 2988 221]
541 2932 673 2987 Uerg.
698 2932 806 2975 Aen.
830 2933 882 2984 V,
907 2935 991 2977 724
1026 2947 1124 2976 eare
1147 2934 1302 2989 magis.
1435 2937 1520 2978 226
1554 2935 1635 2990 sq]
1671 2935 1801 2990 Uerg.
1826 2933 1933 2977 Aen.
1957 2935 2041 2987 ΙΙΙ,
2067 2939 2150 2979 1116

226 3005 548 3060 mansissetque
582 3006 754 3048 utinam
788 3006 988 3049 fortuna!
1111 3007 1214 3062 227]
1248 3007 1423 3050 Paulin.
1458 3007 1558 3050 Nol.
1593 3007 1778 3059 XXVII,
1801 3010 1869 3052 44.
1898 3011 1979 3052 176
2012 3008 2147 3060 XXV,

224 3079 309 3121 210
341 3092 524 3121 munere
558 3077 737 3122 Christi.
861 3079 966 3135 230]
1002 3079 1148 3123 Sedul.
1185 3094 1248 3135 ep.
1285 3080 1339 3122 ad
1372 3080 1541 3123 Maced.
1578 3083 1643 3132 11,
1669 3084 1694 3125 6
1727 3081 1977 3137 (Huemer):
2019 3095 2147 3136 quos-

225 3150 327 3193 dam
352 3151 676 3194 conlationibus
701 3151 912 3195 adsiduae
939 3152 1253 3208 disputationis
1278 3153 1332 3195 ad
1355 3153 1540 3196 meliora
1562 3154 1731 3197 nexisti.
1854 3154 1955 3210 233]
1979 3153 2144 3198 Auson.

223 3224 354 3279 Pyth.
390 3226 444 3269 25
476 3225 673 3280 perdidit
704 3225 1001 3281 Hippolytum
1036 3240 1124 3268 non
1158 3226 1259 3268 felix
1294 3240 1397 3269 cura
1427 3226 1623 3282 pudoris.

296 3349 379 3392 217
402 3348 566 3403 1111111110
589 3350 651 3392 Β1
685 3365 797 3394 corr.
825 3365 877 3393 m.
901 3353 931 3394 2
1051 3352 1135 3394 219
1168 3350 1337 3407 luxorie
1362 3352 1406 3394 Β
1467 3350 1662 3393 luxuries
1686 3351 1731 3393 P
1788 3349 1974 3393 luxuriei
1998 3352 2147 3395 Barth

222 3456 391 3499 luxurie
414 3459 654 3515 Leipziyer
744 3461 829 3503 220
854 3431 1118 3515 aceeptth(‹1;
1143 3461 1248 3503 add.
1271 3464 1388 3515 1112)
1421 3462 1465 3503 Β
1557 3461 1639 3503 227
1672 3431 1864 3514 1111·ςῇ13
1954 3461 2038 3504 228
2069 3474 2146 3515 per

223 3529 406 3572 sistente
438 3532 481 3574 Β
602 3534 685 3575 238
719 3535 845 3587 rupte
879 3534 940 3576 Β1
976 3547 998 3590 e
1034 3549 1085 3576 m.
1116 3538 1145 3577 2
1266 3536 1397 3588 rupta
1430 3535 1474 3576 P
1590 3535 1674 3576 239
1716 3532 1841 3575 hoste
1874 3534 1938 3576 Β1
1976 3536 1996 3574 e
2029 3548 2082 3576 m.
2115 3537 2145 3576 2

222 3604 305 3646 242
338 3602 519 3658 uigebat
550 3606 701 3649 Barth
